@article{workman2016,
	archivePrefix = {arXiv},
	arxivId = {1612.03142},
	author = {Workman, Scott and Souvenir, Richard and Jacobs, Nathan},
	doi = {10.1109/ICCV.2017.596},
	eprint = {1612.03142},
	pages = {5589--5598},
	title = {{Understanding and Mapping Natural Beauty}},
	url = {http://arxiv.org/abs/1612.03142},
	year = {2016}
}

@article{seresinhe2017using,
	title={Using deep learning to quantify the beauty of outdoor places},
	author={Seresinhe, Chanuki Illushka and Preis, Tobias and Moat, Helen Susannah},
	journal={Royal Society open science},
	volume={4},
	number={7},
	pages={170170},
	year={2017},
	publisher={The Royal Society}
}

@article{quercia2015smelly,
	title={Smelly maps: the digital life of urban smellscapes},
	author={Quercia, Daniele and Schifanella, Rossano and Aiello, Luca Maria and McLean, Kate},
	journal={arXiv preprint arXiv:1505.06851},
	year={2015}
}

@article{aiello2016chatty,
	title={Chatty maps: constructing sound maps of urban areas from social media data},
	author={Aiello, Luca Maria and Schifanella, Rossano and Quercia, Daniele and Aletta, Francesco},
	journal={Royal Society open science},
	volume={3},
	number={3},
	pages={150690},
	year={2016},
	publisher={The Royal Society}
}

@inproceedings{quercia2015chatty,
	title={Chatty, Happy, and Smelly Maps},
	author={Quercia, Daniele},
	booktitle={Proceedings of the 24th International Conference on World Wide Web},
	pages={741--741},
	year={2015},
	organization={ACM}
}


@article{gulrajani2017improved,
	title={Improved training of wasserstein gans},
	author={Gulrajani, Ishaan and Ahmed, Faruk and Arjovsky, Martin and Dumoulin, Vincent and Courville, Aaron},
	journal={arXiv preprint arXiv:1704.00028},
	year={2017}
}

@article{radford2015unsupervised,
	title={Unsupervised representation learning with deep convolutional generative adversarial networks},
	author={Radford, Alec and Metz, Luke and Chintala, Soumith},
	journal={arXiv preprint arXiv:1511.06434},
	year={2015}
}


@inproceedings{herbrich2007trueskill,
	title={TrueSkillâ„¢: a Bayesian skill rating system},
	author={Herbrich, Ralf and Minka, Tom and Graepel, Thore},
	booktitle={Advances in neural information processing systems},
	pages={569--576},
	year={2007}
}

@book{ewing2013measuring,
	title={Measuring urban design: Metrics for livable places},
	author={Ewing, Reid and Clemente, Otto},
	year={2013},
	publisher={Island Press}
}

@book{alexander1977pattern,
	title={A pattern language},
	author={Alexander, Christopher and Ishikawa, Sara and Silverstein, Murray and i Rami{\'o}, Joaquim Romaguera and Jacobson, Max and Fiksdahl-King, Ingrid},
	year={1977},
	publisher={Gustavo Gili}
} 

@inproceedings{szegedy2015going,
	title={Going deeper with convolutions},
	author={Szegedy, Christian and Liu, Wei and Jia, Yangqing and Sermanet, Pierre and Reed, Scott and Anguelov, Dragomir and Erhan, Dumitru and Vanhoucke, Vincent and Rabinovich, Andrew},
	booktitle={Proceedings of the IEEE conference on computer vision and pattern recognition},
	pages={1--9},
	year={2015}
}

@inproceedings{krizhevsky2012imagenet,
	title={Imagenet classification with deep convolutional neural networks},
	author={Krizhevsky, Alex and Sutskever, Ilya and Hinton, Geoffrey E},
	booktitle={Advances in neural information processing systems},
	pages={1097--1105},
	year={2012}
}

@article{badrinarayanan2015segnet,
	title={Segnet: A deep convolutional encoder-decoder architecture for image segmentation},
	author={Badrinarayanan, Vijay and Kendall, Alex and Cipolla, Roberto},
	journal={arXiv preprint arXiv:1511.00561},
	year={2015}
}

@inproceedings{zhou2014learning,
	title={Learning deep features for scene recognition using places database},
	author={Zhou, Bolei and Lapedriza, Agata and Xiao, Jianxiong and Torralba, Antonio and Oliva, Aude},
	booktitle={Advances in neural information processing systems},
	pages={487--495},
	year={2014}
}

@inproceedings{naik2014streetscore,
	title={Streetscore-predicting the perceived safety of one million streetscapes},
	author={Naik, Nikhil and Philipoom, Jade and Raskar, Ramesh and Hidalgo, C{\'e}sar},
	booktitle={Proceedings of the IEEE Conference on Computer Vision and Pattern Recognition Workshops},
	pages={779--785},
	year={2014}
}

@article{dubey2016deep,
	title={Deep learning the city: Quantifying urban perception at a global scale},
	author={Dubey, Abhimanyu and Naik, Nikhil and Parikh, Devi and Raskar, Ramesh and Hidalgo, C{\'e}sar A},
	journal={arXiv preprint arXiv:1608.01769},
	year={2016}
}

@inproceedings{nguyen2016synthesizing,
	title={Synthesizing the preferred inputs for neurons in neural networks via deep generator networks},
	author={Nguyen, Anh and Dosovitskiy, Alexey and Yosinski, Jason and Brox, Thomas and Clune, Jeff},
	booktitle={Advances in Neural Information Processing Systems},
	pages={3387--3395},
	year={2016}
}

@article{salesses2013collaborative,
	title={The collaborative image of the city: mapping the inequality of urban perception},
	author={Salesses, Philip and Schechtner, Katja and Hidalgo, C{\'e}sar A},
	journal={PloS one},
	volume={8},
	number={7},
	pages={e68400},
	year={2013},
	publisher={Public Library of Science}
}



@inproceedings{fontanini2016web,
	Author = {Fontanini, Giulia and others},
	Booktitle = {Proceedings of the 2016 ACM on ICMR},
	Organization = {ACM},
	Pages = {289--292},
	Title = {Web Video Popularity Prediction using Sentiment and Content Visual Features},
	Year = {2016}
}

@article{parislooklikeparis,
	title={What makes paris look like paris?},
	author={Doersch, Carl and Singh, Saurabh and Gupta, Abhinav and Sivic, Josef and Efros, Alexei},
	journal={ACM Transactions on Graphics},
	volume={31},
	number={4},
	year={2012}
}
@inproceedings{quercia2014shortest,
	title={The shortest path to happiness: Recommending beautiful, quiet, and happy routes in the city},
	author={Quercia, Daniele and Schifanella, Rossano and Aiello, Luca Maria},
	booktitle={Proceedings of the 25th ACM conference on Hypertext and social media},
	pages={116--125},
	year={2014},
	organization={ACM}
}

@inproceedings{quercia2014aesthetic,
	title={Aesthetic capital: what makes London look beautiful, quiet, and happy?},
	author={Quercia, Daniele and O'Hare, Neil Keith and Cramer, Henriette},
	booktitle={Proceedings of the 17th ACM conference on Computer supported cooperative work \& social computing},
	pages={945--955},
	year={2014},
	organization={ACM}
}

@inproceedings{Joo2014b,
	Author = {Joo, Jungseock and others},
	Booktitle = {Proceedings of the IEEE CVPR },
	Doi = {10.1109/CVPR.2014.35},
	Isbn = {9781479951178},
	Issn = {10636919},
	Keywords = {Communicative Intents,Human Attributes,Media Application,Visual Persuasion,Visual Sentiment Analysis},
	Pages = {216--223},
	Title = {{Visual persuasion: Inferring communicative intents of images}},
	Year = {2014},
	Bdsk-Url-1 = {http://dx.doi.org/10.1109/CVPR.2014.35}

}

@inproceedings{datta2008algorithmic,
	Author = {Datta, Ritendra and others},
	Booktitle = {2008 15th IEEE ICIP },
	Organization = {IEEE},
	Pages = {105--108},
	Title = {Algorithmic inferencing of aesthetics and emotion in natural images: An exposition},
	Year = {2008}
}

@inproceedings{khosla2014makes,
	Author = {Khosla, Aditya and others},
	Booktitle = {Proceedings of the 23rd WWW},
	Organization = {International World Wide Web Conferences Steering Committee},
	Pages = {867--876},
	Title = {What makes an image popular?},
	Year = {2014}}

@inproceedings{wang2015inferring,
	Author = {Wang, Yilin and others},
	Booktitle = {Ninth ICWSM},
	Title = {Inferring Sentiment from Web Images with Joint Inference on Visual and Social Cues: A Regulated Matrix Factorization Approach},
	Year = {2015}}

@inproceedings{Isola2011,
	Author = {Phillip Isola and others},
	Booktitle = {IEEE CVPR},
	Pages = {145-152},
	Title = {What makes an image memorable?},
	Year = {2011}}

@inproceedings{jou2015visual,
	Author = {Jou, Brendan and others},
	Booktitle = {Proceedings of the 23rd ACM MM },
	Organization = {ACM},
	Pages = {159--168},
	Title = {Visual affect around the world: A large-scale multilingual visual sentiment ontology},
	Year = {2015}}

@inproceedings{schifanella2016detecting,
	Author = {Schifanella, Rossano and others},
	Booktitle = {Proceedings of the 2016 ACM MM },
	Organization = {ACM},
	Pages = {1136--1145},
	Title = {Detecting Sarcasm in Multimodal Social Platforms},
	Year = {2016}}

@inproceedings{redi20146,
	Author = {Redi, Miriam and Others},
	Booktitle = {Proceedings of the IEEE CVPR},
	Pages = {4272--4279},
	Title = {6 seconds of sound and vision: Creativity in micro-videos},
	Year = {2014}}


@inproceedings{schifanella2015image,
	Author = {Rossano Schifanella and others},
	Booktitle = {Proceedings of THE 9TH ICWSM 2015},
	Title = {An Image is Worth More than a Thousand Favorites: Surfacing the Hidden Beauty of Flickr Pictures},
	Year = {2015}}

@inproceedings{Wang:2015:USA:2832415.2832579,
	Acmid = {2832579},
	Author = {Wang, Yilin and others},
	Booktitle = {Proceedings of the 24th International Conference on Artificial Intelligence},
	Isbn = {978-1-57735-738-4},
	Publisher = {AAAI Press},
	Series = {IJCAI'15},
	Title = {Unsupervised Sentiment Analysis for Social Media Images},
	Url = {http://dl.acm.org/citation.cfm?id=2832415.2832579},
	Year = {2015},
	Bdsk-Url-1 = {http://dl.acm.org/citation.cfm?id=2832415.2832579}}

@inproceedings{goodfellow2014generative,
	title={Generative adversarial nets},
	author={Goodfellow, Ian and Pouget-Abadie, Jean and Mirza, Mehdi and Xu, Bing and Warde-Farley, David and Ozair, Sherjil and Courville, Aaron and Bengio, Yoshua},
	booktitle={Advances in neural information processing systems},
	pages={2672--2680},
	year={2014}
}

@inproceedings{zhou2014learning,
	title={Learning deep features for scene recognition using places database},
	author={Zhou, Bolei and Lapedriza, Agata and Xiao, Jianxiong and Torralba, Antonio and Oliva, Aude},
	booktitle={Advances in neural information processing systems},
	pages={487--495},
	year={2014}
}

@inproceedings{dosovitskiy2016inverting,
	title={Inverting visual representations with convolutional networks},
	author={Dosovitskiy, Alexey and Brox, Thomas},
	booktitle={Proceedings of the IEEE Conference on Computer Vision and Pattern Recognition},
	pages={4829--4837},
	year={2016}
}

%Books%

@article{urbanDesign,
	title={Measuring Urban Design - Metrics for Livable Places},
	author= {Ewing Reid, Clemente Otto},
	publisher={Island Press}
}


@article{vaughn2008data,
	title={Data analysis using regression and multilevel/hierarchical models, by Gelman, A., \& Hill, J.},
	author={Vaughn, Brandon K},
	journal={Journal of Educational Measurement},
	volume={45},
	number={1},
	pages={94--97},
	year={2008},
	publisher={Wiley Online Library}
}
