
@inproceedings{krizhevsky2012imagenet,
    title={Imagenet classification with deep convolutional neural networks},
    author={Krizhevsky, Alex and Sutskever, Ilya and Hinton, Geoffrey E},
    booktitle={Advances in neural information processing systems},
    pages={1097--1105},
    year={2012}
}

@inproceedings{szegedy2015going,
    title={Going deeper with convolutions},
    author={Szegedy, Christian and Liu, Wei and Jia, Yangqing and Sermanet, Pierre and Reed, Scott and Anguelov, Dragomir and Erhan, Dumitru and Vanhoucke, Vincent and Rabinovich, Andrew},
    booktitle={Proceedings of the IEEE conference on computer vision and pattern recognition},
    pages={1--9},
    year={2015}
}


@inproceedings{nguyen2016synthesizing,
    title={Synthesizing the preferred inputs for neurons in neural networks via deep generator networks},
    author={Nguyen, Anh and Dosovitskiy, Alexey and Yosinski, Jason and Brox, Thomas and Clune, Jeff},
    booktitle={Advances in Neural Information Processing Systems},
    pages={3387--3395},
    year={2016}
}

@book{lynch1960image,
    title={The image of the city},
    author={Lynch, Kevin},
    volume={11},
    year={1960}
}

@inproceedings{quercia2014aesthetic,
    title={Aesthetic capital: what makes London look beautiful, quiet, and happy?},
    author={Quercia, Daniele and O'Hare, Neil Keith and Cramer, Henriette},
    booktitle={Proceedings of the 17th ACM conference on Computer supported cooperative work \& social computing},
    pages={945--955},
    year={2014},
    organization={ACM}
}

@article{moors2008exploring,
    title={Exploring the effect of a middle response category on response style in attitude measurement},
    author={Moors, Guy},
    journal={Quality and Quantity},
    volume={42},
    number={6},
    pages={779--794},
    year={2008},
    publisher={Springer}
}

@article{Agree2012,
    title={'Neither agree, nor disagree': a critical analysis of the middle answer category in Voting Advice Applications},
    author={Baka, Aphrodite and Figgou, Lia and Triga, Vasiliki},
    journal={International Journal of Electronic Governance},
    volume={5},
    number={3-4},
    pages={244--263},
    year={2012},
    publisher={Inderscience Publishers}
}


